%% This BibTeX bibliography file was created using BibDesk.
%% http://bibdesk.sourceforge.net/


%% Created for Dale Markowitz at 2014-04-23 13:08:35 -0400 


%% Saved with string encoding Unicode (UTF-8) 



@article{ron,
	Acmid = {502048},
	Address = {New York, NY, USA},
	Author = {Andersen, David and Balakrishnan, Hari and Kaashoek, Frans and Morris, Robert},
	Date-Added = {2014-04-23 16:24:00 +0000},
	Date-Modified = {2014-04-23 16:24:15 +0000},
	Doi = {10.1145/502059.502048},
	Issn = {0163-5980},
	Issue_Date = {Dec. 2001},
	Journal = {SIGOPS Oper. Syst. Rev.},
	Month = oct,
	Number = {5},
	Numpages = {15},
	Pages = {131--145},
	Publisher = {ACM},
	Title = {Resilient Overlay Networks},
	Url = {http://doi.acm.org/10.1145/502059.502048},
	Volume = {35},
	Year = {2001},
	Bdsk-Url-1 = {http://doi.acm.org/10.1145/502059.502048},
	Bdsk-Url-2 = {http://dx.doi.org/10.1145/502059.502048}}
